%% This BibTeX bibliography file was created using BibDesk.
%% http://bibdesk.sourceforge.net/


%% Created for repli at 2012-12-16 00:46:42 +0100 


%% Saved with string encoding Unicode (UTF-8) 



@book{CORMEN,
	Author = {Cormen, Thomas H. and Stein, Clifford and Rivest, Ronald L. and Leiserson, Charles E.},
	Date-Added = {2012-12-15 23:44:16 +0000},
	Date-Modified = {2012-12-15 23:45:33 +0000},
	Edition = {2nd},
	Publisher = {McGraw-Hill Higher Education},
	Title = {Introduction to Algorithms},
	Year = {2001},
	}
